<?xml version="1.0" encoding="UTF-8"?><record xmlns="http://www.loc.gov/MARC21/slim" xmlns:cinclude="http://apache.org/cocoon/include/1.0" xmlns:zs="http://www.loc.gov/zing/srw/">
  <leader>00590nz  a2200145n  4500</leader>
  <controlfield tag="001">no 96065878 </controlfield>
  <controlfield tag="003">DLC</controlfield>
  <controlfield tag="005">19961214051029.2</controlfield>
  <controlfield tag="008">961213n| acannaab|          |n ana     a</controlfield>
  <datafield tag="010" ind1=" " ind2=" ">
    <subfield code="a">no 96065878 </subfield>
  </datafield>
  <datafield tag="035" ind1=" " ind2=" ">
    <subfield code="a">(OCoLC)oca04229260 </subfield>
  </datafield>
  <datafield tag="040" ind1=" " ind2=" ">
    <subfield code="a">DNAL</subfield>
    <subfield code="c">DNAL</subfield>
  </datafield>
  <datafield tag="110" ind1="2" ind2="0">
    <subfield code="a">Health Personnel Resource Plan.</subfield>
    <subfield code="b">Statutory Committee</subfield>
  </datafield>
  <datafield tag="670" ind1=" " ind2=" ">
    <subfield code="a">Staffing the new health system, 1994:</subfield>
    <subfield code="b">t.p. (Health Personnel Resource Plan, Statutory Committee)</subfield>
  </datafield>
  <datafield tag="670" ind1=" " ind2=" ">
    <subfield code="a">Phone call to the Washington State Dept. of Health, 9/16/96</subfield>
    <subfield code="b">(The Committee is staffed by, but is not a part of the Washington State Dept. of Health)</subfield>
  </datafield>
</record>